@inproceedings(Yoo05,
	author = "Andy Yoo and Edmond Chow and Keith Henderson and William McLendon and Bruce Hendrickson and Umit Catelyurek",
	title = "A Scalable Distributed Parallel Breadth-First Search Algorithm on {BlueGene/L}",
	booktitle = "SC '05: Proceedings of the 2005 ACM/IEEE conference on Supercomputing",
	note = "DOI=\href{http://dx.doi.org/10.1109/SC.2005.4}{10.1109/SC.2005.4}",
	year = "2005"
)

@article(Boyak05,
	author = "Kevin W. Boyack and Richard Klavans and Katy {B\"{o}rner}",
	title = "Mapping the backbone of science",
	journal = "Scientometrics",
	volume = "64",
	number = "3",
	pages = "351--374",
	year = "2005",
	location = "http://ivl.slis.indiana.edu/km/pub/2005-boyack-mapbckbn.pdf"
)

@article(Boyak04,
	author = "Kevin W. Boyack",
	title = "Mapping knowledge domains: Characterizing PNAS",
	journal = "Proceedings of the National Academy of Sciences of the United States of America (PNAS)",
	volume = "101",
	number = "Suppl. 1",
	year = "2004",
	note = "DOI=\href{http://dx.doi.org/10.1073/pnas.0307509100}{10.1073/pnas.0307509100}"
)

@inproceedings(Hachul04,
	author = "Stefan Hachul and Michael {J\"{u}nger}",
	title = "Drawing Large Graphs with a Potential-Field-Based Multilevel Algorithm",
	booktitle = "Proceedings of Graph Drawing (GD 2004)",
	volume = "3383",
	pages = "285--295",
	year = "2005",
	note = "DOI=\href{http://dx.doi.org/10.1007/b105810}{10.1007/b105810}"
)
